<?xml version="1.0" encoding="UTF-8"?><collection xmlns="http://www.loc.gov/MARC21/slim"><record><leader>00553nam--2200133-i-4500</leader><controlfield tag="001">000034928</controlfield><controlfield tag="002">20161230</controlfield><controlfield tag="005">20161230201040</controlfield><controlfield tag="008">060222s1000------------r-----000-0-eng-d</controlfield><datafield ind1=" " ind2=" " tag="080"><subfield code="a">543.4</subfield></datafield><datafield ind1=" " ind2=" " tag="245"><subfield code="a">Notice to users of tables of selected values of physical and thermodynamics properties and the catalogs of infrared, ultraviolet, raman, mass and nuclear magnetic resonance spectral data</subfield></datafield><datafield ind1=" " ind2=" " tag="260"><subfield code="a">College Station, Texas, American Petroleum Institute Research, /1966/, /P.Dif.</subfield></datafield><datafield ind1=" " ind2=" " tag="490"><subfield code="a">American Petroleum Institute Research Project</subfield></datafield><datafield ind1=" " ind2=" " tag="852"><subfield code="a">29568</subfield></datafield></record></collection>